@IEEEtranBSTCTL{IEEEexample:BSTcontrol,
CTLuse_article_number = "yes",
CTLuse_paper = "yes",
CTLuse_url = "yes",
CTLuse_forced_etal = "yes",
CTLmax_names_forced_etal = "3",
CTLnames_show_etal = "1",
CTLuse_alt_spacing = "yes",
CTLalt_stretch_factor = "4",
CTLdash_repeated_names = "no",
CTLname_latex_cmd = "",
CTLname_url_prefix = "[Online]. Available:"
}
%1
@book{DefinitionforPower,
  title={ Definition for Power Switchgear},
  publisher={ANSI/IEEE C37.100-1981}
}
%2
@incollection{van2001transients,
  title={{Transients in Power Systems}},
  author={Van Der Sluis, Lou},
  year={2001},
  publisher={John Wiley and Sons Ltd},
  address={New York},
  chapter= {3,4,5,6}
}
%3
@article{cigre2000user,
  title={User guide for the application of monitoring and diagnostic techniques for switching equipment for rated voltages of 72.5 {kV} and above},
  author={{CIRGE Working Group 13.09}},
  journal={CIGRE Techn Broch},
  volume={167},
  pages={2--5},
  month={Aug},
  year={2000}
}
%4
@article{hedman2009optimal,
  title={Optimal transmission switching with contingency analysis},
  author={Hedman, Kory W and O'Neill, Richard P and Fisher, Emily Bartholomew and Oren, Shmuel S},
  journal={IEEE Transactions on Power Systems},
  volume={24},
  number={3},
  pages={1577--1586},
  year={2009},
  publisher={IEEE}
}
%5
@inproceedings{kezunovic2014reliable,
  title={Reliable implementation of robust adaptive topology control},
  author={Kezunovic, Mladen and Popovic, Tomo and Gurrala, Gurunath and Dehghanian, Payman and Esmaeilian, Ahad and Tasdighi, Mohammad},
  booktitle={47th Hawaii International Conference on System Sciences (HICSS)},
  pages={2493--2502},
  year={2014},
  organization={IEEE}
}
%6
@article{gu2014fast,
  title={Fast sensitivity analysis approach to assessing congestion induced wind curtailment},
  author={Gu, Yingzhong and Xie, Le},
  journal={IEEE Transactions on Power Systems},
  volume={29},
  number={1},
  pages={101--110},
  year={2014},
  publisher={IEEE}
}
%7
@article{hinow2011substation,
  title={Substation maintenance strategy adaptation for life-cycle cost reduction using genetic algorithm},
  author={Hinow, Martin and Mevissen, Martin},
  journal={IEEE Transactions on Power Delivery},
  volume={26},
  number={1},
  pages={197--204},
  year={2011},
  publisher={IEEE}
}
%8
@article{li2004cost,
  title={A cost-effective approach of prioritizing distribution maintenance based on system reliability},
  author={Li, Fangxing and Brown, Richard E},
  journal={IEEE Transactions on Power Delivery},
  volume={19},
  number={1},
  pages={439--441},
  year={2004},
  publisher={IEEE}
}
%9
@article{razi2013priority,
  title={Priority assessment of online monitoring investment for Power system circuit breakers--{Part I}: Qualitative-quantitative approach},
  author={Razi-Kazemi, Ali Asghar and Vakilian, Mehdi and Niayesh, Kaveh and Lehtonen, Matti},
  journal={IEEE Transactions on Power Delivery},
  volume={28},
  number={2},
  pages={928--938},
  year={2013},
  publisher={IEEE}
}
%10
@article{liu2010optimal,
  title={Optimal selective maintenance strategy for multi-state systems under imperfect maintenance},
  author={Liu, Yu and Huang, Hong-Zhong},
  journal={IEEE Transactions on Reliability},
  volume={59},
  number={2},
  pages={356--367},
  year={2010},
  publisher={IEEE}
}
%11
@article{razi2013priorityassessment,
  title={Priority assessment of online monitoring investment for Power system circuit breakers--{Part II}: Determination of optimum number},
  author={Razi-Kazemi, Ali Asghar and Vakilian, Mehdi and Niayesh, Kaveh and Lehtonen, Matti},
  journal={IEEE Transactions on Power Delivery},
  volume={28},
  number={3},
  pages={1440--1446},
  year={2013},
  publisher={IEEE}
}
%12
@inproceedings{sodha2012condition,
  title={Condition assessment of {EHV} class circuit breakers using dynamic contact resistance measurement technique},
  author={Sodha, NS and Singh, Sanjeev and Victor, S and Tyagi, RK},
  booktitle={Proc. CIGRE Session},
  pages={1--11},
  year={2012}
}
%13
@article{long2012online,
  title={Online monitoring of substation grounding grid conditions using touch and step voltage sensors},
  author={Long, Xun and Dong, Ming and Xu, Wilsun and Li, Yun Wei},
  journal={IEEE Transactions on Smart Grid},
  volume={3},
  number={2},
  pages={761--769},
  year={2012},
  publisher={IEEE}
}
%14
@article{gungor2012cognitive,
  title={Cognitive radio networks for smart grid applications: A promising technology to overcome spectrum inefficiency},
  author={Gungor, Vehbi Cagri and Sahin, Dilan},
  journal={IEEE Vehicular Technology Magazine},
  volume={7},
  number={2},
  pages={41--46},
  year={2012},
  publisher={IEEE}
}
%15
@article{moghe2012smart,
  title={Smart stick-on sensors for the smart grid},
  author={Moghe, Rohit and Lambert, Frank C and Divan, Deepak},
  journal={IEEE Transactions on Smart Grid},
  volume={3},
  number={1},
  pages={241--252},
  year={2012},
  publisher={IEEE}
}
%16
@article{razi2014circuit,
  title={Circuit-breaker automated failure tracking based on coil current signature},
  author={Razi-Kazemi, Ali Asghar and Vakilian, Mehdi and Niayesh, Kaveh and Lehtonen, Matti},
  journal={IEEE Transactions on Power Delivery},
  volume={29},
  number={1},
  pages={283--290},
  year={2014},
  publisher={IEEE}
}
%17
@inproceedings{qiang2012high,
  title={High voltage equipment online monitoring system of smart substation},
  author={Qiang, Gao and Weichun, Ge and Chenggang, Wang and Baohong, Geng and Xiuchen, Jiang and others},
  booktitle={Innovative Smart Grid Technologies-Asia (ISGT Asia)},
  pages={1--5},
  year={2012},
  organization={IEEE}
}
%18
@article{janssen2014international,
  title={International surveys on circuit-breaker reliability data for substation and system studies},
  author={Janssen, Anton and Makareinis, Dirk and Solver, Carl-Ejnar},
  journal={IEEE Transactions on Power Delivery},
  volume={29},
  number={2},
  pages={808--814},
  year={2014},
  publisher={IEEE}
}
%19
@article{mazza1981first,
  title={The first international enquiry on circuit-breaker failures and defects in service},
  author={Mazza, G and R. Michaca},
  journal={Electra},
  volume={79},
  pages={21--91},
  year={1981}
}
%20
@article{cigre1994final,
  title={Final report of the second international enquiry on high voltage circuit breaker failures and defects in service},
  author={{CIGRE Working Group 13.06}},
  journal={CIGRE Tech. Brochure 83},
  month={June},
  year={1994}
}
%21
@article{cigre2012final,
  title={Final report of 2004-2007 international enquiries on reliability of high voltage equipment, part 2- reliability of high voltage {SF\textsubscript{6}} circuit breakers},
  author={{CIGRE Working Group A3.06}},
  journal={CIGRE Tech. Brochure 510},
  month={Octombor},
  year={2012}
}
%22
@article{nasrallah2007electrical,
  title={Electrical contacts in {MV}  and  {HV} Power circuit breakers},
  author={Nasrallah, E and Brikci, F and Perron, S},
  journal={Electric Energy T and D Magazine},
  pages={50--55},
  year={2007}
}
%23
@incollection{garzon2002high,
  title={High Voltage Circuit Breakers: Design and Applications},
  author={Garzon, Ruben D},
  year={2002},
  publisher={CRC Press},
  chapter= {3,5,6}
}
%24
@article{browne1984circuit,
  title={{Circuit Interruption: Theory and Techniques}},
  author={Browne, Thomas E},
  year={1984},
  publisher={M. Dekker}
}
%25
@electronic{Livetankcircuitbreaker,
  title = {Live tank circuit breaker application guide},
url={http://www.abb.com/}
}
%26
@book{EPRIReportEL4651,
  title={EPRI Report EL-4651},
  publisher={EMTP Workbook II},
  year={1987}
}
%27
@article{cigre199033,
  title={Guidelines for representation of network elements when calculating transients},
  author={{CIGRE Working Group 33.02}},
  journal={CIGRE Technical Brochure},
  volume={39},
  year={1990}
}
%28
@article{anke1988practical,
  title={Practical applications of arc physics in circuit breakers. {S}urvey of calculation methods and application guide},
  author={Anke, E and Barrault, M and Blez, B and Ciok, Z and Frind, G and Dufournet, D and Hermann, W and Hrabovsky, M and Ishikawa, M and Kurimoto, A and others},
  journal={CIGRE, Electra},
  volume={118},
  pages={63--79},
  year={1988}
}
%29
@article{cigre199313,
  title={Applications of black box modelling to circuit breakers},
  author={{CIGRE Working Group 13.01}},
  journal={Electra},
  volume={149},
  pages={40--71},
  year={1993}
}
%30
@article{van1992physical,
  title={A physical arc model for the simulation of current zero behavior of high-voltage circuit breakers},
  author={Van der Sluis, L and Rutgers, WR and Koreman, CGA},
  journal={IEEE Transactions on Power Delivery},
  volume={7},
  number={2},
  pages={1016--1022},
  year={1992},
  publisher={IEEE}
}
%31
@article{van1992comparison,
  title={Comparison of test circuits for high-voltage circuit breakers by numerical calculations with arc models},
  author={Van der Sluis, Lou and Rutgers, Wijnand R},
  journal={IEEE Transactions on Power Delivery},
  volume={7},
  number={4},
  pages={2037--2045},
  year={1992},
  publisher={IEEE}
}
%32
@article{martinez2005parameter,
  title={Parameter determination for modeling system transients-{Part VI}: Circuit breakers},
  author={Martinez, JA and Mahseredjian, J and Khodabakhchian, B},
  journal={IEEE Transactions on Power Delivery},
  volume={20},
  number={3},
  pages={2079--2085},
  year={2005},
  publisher={IEEE}
}
%33
@inproceedings{avdonin1980some,
  title={Some problems of {EHV} and {UHV} air-blast circuit breakers},
  author={Avdonin, AV and Biryukov, SV and Buynov, AL and Dobrokhotov, RB and Egorov, VG and Puzyrisky, GS and Savinkov, Yu T and Seryakov, KI},
  booktitle={CIGRE meeting August 27 to September 4},
  year={1980}
}
%34
@inproceedings{maximov2009method,
  title={A method of obtaining of electric arc model parameters for {SF\textsubscript{6}} power circuit breakers},
  author={Maximov, Serguei and Venegas, Vicente and Guardado, Jose L},
  booktitle={EUROCON 2009, EUROCON'09},
  pages={458--463},
  year={2009},
  organization={IEEE}
}
%35
@article{st1988new,
  title={A new concept in post-arc analysis applied to power circuit-breakers},
  author={St-Jean, Guy and Landry, Michel and Leclerc, M and Chenier, A},
  journal={IEEE Transactions on Power Delivery},
  volume={3},
  number={3},
  pages={1036--1044},
  year={1988},
  publisher={IEEE}
}
%36
@article{schavemaker2000improved,
  title={An improved Mayr-type arc model based on current-zero measurements [circuit breakers]},
  author={Schavemaker, Pieter H and Van der Slui, L},
  journal={IEEE Transactions on Power Delivery},
  volume={15},
  number={2},
  pages={580--584},
  year={2000},
  publisher={IEEE}
}
%37
@article{nitu2008comparison,
  title={Comparison between model and experiment in studying the electric arc},
  author={Nitu, S and Nitu, C and Mihalache, C and Anghelita, P and Pavelescu, D},
  journal={Journal of Optoelectronics and Advanced Materials},
  volume={10},
  number={5},
  pages={1192--1196},
  year={2008},
  publisher={INOE 2000}
}
%38
@article{knobloch2001behaviour,
  title={Behaviour of {SF\textsubscript{6}} high-voltage circuit breakers with different arc-extinguishing systems at short-line fault switching},
  author={Knobloch, H and Habedank, U},
  journal={IEE Proceedings-Science, Measurement and Technology},
  volume={148},
  number={6},
  pages={273--279},
  year={2001},
  publisher={IET}
}
%39
@inproceedings{smeets2002performance,
  title={Performance evaluation of high-voltage circuit breakers by means of current zero analysis},
  author={Smeets, Rene Peter Paul and Kertesz, Viktor and Nishiwaki, Susumu and Suzuki, K},
  booktitle={Transmission and Distribution Conference and Exhibition 2002: Asia Pacific. IEEE/PES},
  volume={1},
  pages={424--429},
  year={2002},
  organization={IEEE}
}
%40
@article{thomas1995simulation,
  title={The simulation of circuit breaker switching using a composite Cassie-modified Mayr model},
  author={Thomas, DWP and Pereira, ET and Christopoulos, C and Howe, AF},
  journal={IEEE Transactions on Power Delivery},
  volume={10},
  number={4},
  pages={1829--1835},
  year={1995},
  publisher={IEEE}
}
%41
@inproceedings{schavemaker1999comparison,
  title={A comparison between three tools for electrical transient computations},
  author={Schavemaker, PH and De Lange, AJP and Van der Sluis, L},
   booktitle={International Conference on Power System Transients, Budapest, Hungary, IPST'99},
  pages={13--18},
  year={1999},
}
%42
@article{iturregi2012considerations,
  title={Considerations for Simulation of the Switching Arc},
  author={Iturregi, Araitz and Torres, Esther and Zamora, Inmaculada and Buigues, Garikoitz},
  journal={Electrical Review, ISSN 0033-2097},
  volume={88},
  number={1a},
  pages={104--107},
  year={2012}
}
%43
@article{karetta1998simulation,
  title={Simulation of the gasdynamic and electromagnetic processes in low voltage switching arcs},
  author={Karetta, Frank and Lindmayer, Manfred},
  journal={IEEE Transactions on Components, Packaging, and Manufacturing Technology: Part A},
  volume={21},
  number={1},
  pages={96--103},
  year={1998},
  publisher={IEEE}
}
%44
@article{bui1997performance,
  title={Performance of series-compensated line circuit breakers under delayed current-zero conditions},
  author={Bui-Van, Que and Khodabakhchian, Bahram and Landry, Michel and Mahseredjian, Jean and Mainville, J},
  journal={IEEE Transactions on Power Delivery},
  volume={12},
  number={1},
  pages={227--233},
  year={1997},
  publisher={IEEE}
}
%45
@inproceedings{liao2010study,
  title={Study on dynamic arc model for high voltage hybrid circuit breaker using vacuum interrupter and {SF\textsubscript{6}} interrupter in series},
  author={Liao, Minfu and Cheng, Xian and Duan, Xiongying and Zou, Jiyan},
  booktitle={24th International Symposium on Discharges and Electrical Insulation in Vacuum (ISDEIV)},
  pages={174--178},
  year={2010},
  organization={IEEE}
}
%46
@inproceedings{zhang2009modelling,
  title={Modelling of the interruption process in {SF\textsubscript{6}} high voltage circuit breaker and preliminary study of the arc characteristics for different gases},
  author={Zhang, Jian and Jia, Shenli and Li, Xingwen and Liu, Pengwei and Shi, Zongqin and Wang, Lijun},
  booktitle={Proceedings of the 55th IEEE Holm Conference on Electrical Contacts},
  pages={240--245},
  year={2009},
  organization={IEEE}
}
%47
@inproceedings{ziani2010application,
  title={Application of artificial neural networks for electric arc extinction modeling in high voltage circuit breakers},
  author={Ziani, Abderahmane and Moulai, Hocine},
  booktitle={15th IEEE Mediterranean Electrotechnical Conference MELECON},
  pages={248--252},
  year={2010},
  organization={IEEE}
}
%48
@book{martinez2009power,
  title={Power System Transients: Parameter Determination},
  author={Martinez-Velasco, Juan A},
  year={2009},
  publisher={CRC press},
  pages={447--558}
}
%49
@article{martinez1998digital,
  title={Digital computation of electromagnetic transients in power systems: current status},
  author={Martinez-Velasco, Juan A},
  journal={ Chapter 1 of Modeling and Analysis of System Transients Using Digital Systems},
  year={1998},
  publisher={Citeseer}
}
%50
@article{svensen1976influence,
  title={The influence of prestrike on the peak values of energisation transients},
  author={Svensen, OH},
  journal={IEEE Transactions on Power Apparatus and Systems},
  volume={95},
  number={2},
  pages={711--720},
  year={1976},
  publisher={IEEE}
}
%51
@article{theoleyre1999mv,
  title={{MV} breaking techniques},
  author={Theoleyre, S},
  journal={Cahiers Techniques (Schnedier Electric Technical Documents), Cahier},
  volume={193},
  year={1999}
}
%52
@book{AlternatingCurrentCircuit,
  title={Alternating - Current Circuit Breakers},
  author={{IEC 6227--100 High Voltage Switchgear and Controlgear-Part 100}},
  publisher={IEC}
}

%53
@book{ApplicationofTransientRecovery,
  title={IEEE Guide for the Application of Transient Recovery Voltage for AC High Voltage Circuit Breakers},
  author={{IEEE Standard C37.011}},
  publisher={IEEE},
  year={2011}
}
%54
@book{GuideforShuntReactorSwitching,
  title={IEEE Application Guide for Shunt Reactor Switching},
  author={{IEEE Standard C37.015}},
  publisher={IEEE},
  year={1993}
}
%55
@book{GuideforCapacitanceCurrentSwitching,
  title={IEEE Application Guide for Capacitance Current Switching for AC High Voltage Circuit Breakers Rated on a Symmetrical Current Basis},
  author={{ANSI/IEEE Standard C37.012}},
  publisher={IEEE},
  year={2005}
}
%56
@inproceedings{bachiller1994operation,
  title={The operation of shunt reactors in the Spanish 400 {kV} network-Study of the suitability of different circuit breakers and possible solutions to observed problems},
  author={Bachiller, JA and Cavero, E and Salamanca, F and Rodriguez, J},
  booktitle={International Conference on Large High Voltage Electric Systems},
  volume={1},
  pages={23--106},
  year={1994}
}
%57

@inproceedings{Impulseandswitchingsurge,
author = {W. Z. Gandhare},
title = {{Impulse and Switching Surge Studies on High Voltage Motors}},
year = {1998},
publisher={Ph. D. Thesis, Indian Institute of Technology, Bombay},
pages={29--30}
}
%-----------------------------change numbering-----------------------------------
%58
@article{chang2007modeling,
  title={Modeling {SF\textsubscript{6}} Circuit Breaker for Characterizing Shunt Reactor Switching Transients},
  author={Chang, Gary W and Huang, Hunter M and Lai, Jiang-Hong},
  journal={IEEE Transactions on Power Delivery},
  volume={22},
  number={3},
  pages={1533--1540},
  year={2007},
  publisher={IEEE}
}
%59
@inproceedings{lopez2007analysis,
  title={Analysis of modern high voltage circuit breaker failure during shunt reactor switching operations and corrective measures},
  author={Lopez-Roldan, J and Blundell, M and Wing, D and Birtwhistle, D and Ramli, M and Tang, T},
  booktitle={Proceedings of MATPOST European Conference on HV  and  MV substation equipment, Lyon, France},
  year={2007}
}
%60
@inproceedings{dehghanian2014circuit,
  title={Circuit breaker operational health assessment via condition monitoring data},
  author={Dehghanian, Payman and Popovic, Tomo and Kezunovic, Mladen},
  booktitle={North American Power Symposium (NAPS)},
  pages={1--6},
  year={2014},
  organization={IEEE}
}
%61
@inproceedings{johal2008coil,
  title={Coil current analysis method for predictive maintenance of circuit breakers},
  author={Johal, H and Mousavi, MJ},
  booktitle={Transmission and Distribution Conference and Exposition, T and D. IEEE/PES},
  pages={1--7},
  year={2008},
  organization={IEEE}
}
%62
@article{natti2011assessing,
  title={Assessing circuit breaker performance using condition-based data and Bayesian approach},
  author={Natti, Satish and Kezunovic, Mladen},
  journal={Electric Power Systems Research},
  volume={81},
  number={9},
  pages={1796--1804},
  year={2011},
  publisher={Elsevier}
}
%63
@inproceedings{guan2013assessing,
  title={Assessing circuit breaker life cycle using condition-based data},
  author={Guan, Yufan and Kezunovic, Mladen and Dehghanian, Payman and Gurrala, Gurunath},
  booktitle={Power and Energy Society General Meeting (PES)},
  pages={1--5},
  year={2013},
  organization={IEEE}
}
%64
@article{biswas2015real,
  title={A real-time data-driven algorithm for health diagnosis and prognosis of a circuit breaker trip assembly},
  author={Biswas, Saugata S and Srivastava, Anurag K and Whitehead, Dave},
  journal={IEEE Transactions on Industrial Electronics},
  volume={62},
  number={6},
  pages={3822--3831},
  year={2015},
  publisher={IEEE}
}
%65
@article{razi2015data,
  title={Data Mining of Online Diagnosed Waveforms for Probabilistic Condition Assessment of {SF\textsubscript{6}} Circuit Breakers},
  author={Razi-Kazemi, Ali Asghar and Vakilian, Mehdi and Niayesh, Kaveh and Lehtonen, Matti},
  journal={IEEE Transactions on Power Delivery},
  volume={30},
  number={3},
  pages={1354--1362},
  year={2015},
  publisher={IEEE}
}
%66
@inproceedings{landry2006new,
  title={A new measurement method of the dynamic contact resistance of {HV} circuit breakers},
  author={Landry, M and Mercier, A and Ouellet, G and Rajotte, C and Caron, J and Roy, M and Brikci, Fouad},
  booktitle={Transmission  and  Distribution Conference and Exposition: Latin America, TDC'06. IEEE/PES},
  pages={1--8},
  year={2006},
  organization={IEEE}
}
%67
@article{landry2008complete,
  title={A complete strategy for conducting dynamic contact resistance measurements on {HV} circuit breakers},
  author={Landry, Michel and Turcotte, Olivier and Brikci, Fouad},
  journal={IEEE Transactions on Power Delivery},
  volume={23},
  number={2},
  pages={710--716},
  year={2008},
  publisher={IEEE}
}
%68
@inproceedings{salamanca1993preventive,
  title={Preventive diagnosis on high-voltage circuit breakers},
  author={Salamanca, F and Borras, F and Eggert, H and Steingr{\"a}ber, W},
  booktitle={Proc. CIGRE Symp.},
  pages={120--02},
  year={1993}
}
%69
@inproceedings{tyagi2001condition,
  title={Condition-based maintenance techniques for {EHV}-class circuit breakers},
  author={Tyagi, R Kumar and Sodha, N Singh},
  booktitle={Doble Client Conf., Boston, MA},
  year={2001}
}
%70
@inproceedings{ohlen1995dynamic,
  title={Dynamic Resistance Measurements-{A} Tool for Circuit Breaker Diagnostics},
  author={Ohlen, M and Dueck, B and Wernli, H},
  booktitle={Stockholm Power Tech International Symposium on Electric Power Engineering},
  volume={6},
  pages={108--113},
  year={1995}
}
%71
@inproceedings{stanisic2010new,
  title={A new ultra lightweight method for static and dynamic resistance measurements},
  author={Stanisic, Zoran and Neimanis, Roberts},
  booktitle={IEEE International Symposium on Electrical Insulation (ISEI)},
  pages={1--4},
  year={2010},
  organization={IEEE}
}
%72
@inproceedings{de2014characterization,
  title={Characterization of contacts degradation in circuit breakers through the dynamic contact resistance},
  author={De Souza, RT and Da Costa, EG and De Oliveira, AC and Sousa, W de V and De Morais, TCM},
  booktitle={Transmission  and  Distribution Conference and Exposition-Latin America (PES T and D-LA)},
  pages={1--6},
  year={2014},
  organization={IEEE}
}
%73
@electronic{DynamicResistanceMeasurement,
  title = {{Dynamic Resistance Measurement: Part of the Analysis Inspection Service}},
url={http://www.abb.com/}
}
%74
@inproceedings{fujie1998diagnosis,
  title={Diagnosis techniques on contact electrical endurance of high voltage circuit breakers},
  author={Fujie, Sun and Zhangqi, Wang and Hongsan, Qin},
  booktitle={Proceedings of International Conference on Power System Technology, POWERCON'98},
  volume={1},
  pages={105--109},
  year={1998},
  organization={IEEE}
}
%75
@electronic{engineerdynamic,
  title={Dynamic Resistance Measurement method applying high DC current},
  author={{Engineer, B. Milovic - Application and Power-Sweden, DV}},
url={http://www.amforum.org/site/journal/breakers%20drm.pdf}
}
%76
@inproceedings{khoddam2016electrical,
  title={Electrical contact failure detection based on dynamic resistance principle component analysis and {RBF} neural network},
  author={Khoddam, Maryam and Sadeh, Javad and Pourmohamadiyan, Pedjman},
  booktitle={International Conference on Condition Monitoring and Diagnosis (CMD)},
  pages={380--383},
  year={2016},
  organization={IEEE}
}
%77
@article{khoddam2016performance,
  title={Performance Evaluation of Circuit Breaker Electrical Contact Based on Dynamic Resistance Signature and Using Health Index},
  author={Khoddam, Maryam and Sadeh, Javad and Pourmohamadiyan, Pedjman},
  journal={IEEE Transactions on Components, Packaging and Manufacturing Technology},
  volume={6},
  number={10},
  pages={1505--1512},
  year={2016},
  publisher={IEEE}
}
%78
@inproceedings{obarvcanin2015design,
  title={Design and development of the software solution for analysis and acquisition of the high voltage circuit breakers dynamic resistance measurement results},
  author={Obar{\v{c}}anin, Kerim and {\v{S}}e{\v{c}}i{\'c}, Adnan and Had{\v{z}}imejli{\'c}, Nijaz},
  booktitle={38th International Convention on Information and Communication Technology, Electronics and Microelectronics (MIPRO)},
  pages={1032--1036},
  year={2015},
  organization={IEEE}
}
%79
@inproceedings{de2014system,
  title={A system for dynamic contact resistance with Arduino platform on {MV} and {HV} circuit breaker},
  author={de Souza, Ronimack Trajano and da Costa, Edson Guedes and de Araújo, Jalberth Fernandes and de Macedo, Euler CT},
  booktitle={Proceedings of International Instrumentation and Measurement Technology Conference (I2MTC)},
  pages={369--373},
  year={2014},
  organization={IEEE}
}
%80
@inproceedings{alibavsic2016new,
  title={A new measurement method for testing a 400 {kV} circuit breaker},
  author={Aliba{\v{s}}i{\'c}, Emir and Nikolovski, Srete and Planojevi{\'c}, Branko},
  booktitle={International Conference on Smart Systems and Technologies (SST)},
  pages={149--154},
  year={2016},
  organization={IEEE}
}

